@online{imni,
  author = {Jannis Imhof},
  title = {Example Test},
  date = {2023-01-01},
  url = {https://withjannis.dev},
  urldate = {2010-09-30}
}
